@MISC{Norouzi09,
    author = {Mohammad Norouzi und Mani Ranjbar und Greg Mori},
    title = {Stacks of Convolutional Restricted Boltzmann Machines for Shift-Invariant Feature Learning},
    year = {2009}
}

@MISC{NorouziMaster,
    author = {Mohammad Norouzi},
    title = {Convolutional Restricted Boltzmann Machines For Feature Learning},
    year = {2009}
}

@MISC{Lee09,
    author = {Honglak Lee und Roger Grosse und Rajesh Ranganath und Andrew Y. Ng},
    title = {Convolutional deep belief networks for scalable unsupervised learning of hierarchical representations},
    year = {2009}
}

@MISC{Hinton06,
    author = {Geoffrey E. Hinton und R. R. Salakhutdinov},
    title = {Reducing the Dimensionality of Data with Neural Networks},
    year = {2006}
}
